@inproceedings{Turpin:2007:FGR:1277741.1277766,
 author = {Turpin, Andrew and Tsegay, Yohannes and Hawking, David and Williams, Hugh E.},
 title = {Fast Generation of Result Snippets in Web Search},
 booktitle = {Proceedings of the 30th Annual International ACM SIGIR Conference on Research and Development in Information Retrieval},
 series = {SIGIR '07},
 year = {2007},
 isbn = {978-1-59593-597-7},
 location = {Amsterdam, The Netherlands},
 pages = {127--134},
 numpages = {8},
 url = {http://doi.acm.org/10.1145/1277741.1277766},
 doi = {10.1145/1277741.1277766},
 acmid = {1277766},
 publisher = {ACM},
 address = {New York, NY, USA},
 keywords = {document caching, snippet generation, web summaries},
} 


@misc{lemur,
	title={{The Lemur Project }},
	author={The Lemur Project},
	year={2016},
	howpublished = 
	{\url{http://www.lemurproject.org/}},
	note = "[Online; accessed 5-November-2016]"
}

@misc{galago_3.10,
	title={{The Lemur Project - Galago 3.10 }},
	author={The Lemur Project},
	year={2016},
	howpublished = 
	{\url{https://sourceforge.net/p/lemur/galago/ci/release-3.10/tree/}},
	note = "[Online; accessed 5-November-2016]"
}

@misc{norvig,
	title={{How to Write a Spelling Corrector }},
	author={Peter Norvig},
	year={2016},
	howpublished = 
	{\url{http://norvig.com/spell-correct.html}},
	note = "[Online; accessed 9-November-2016]"
}

@misc{spelling,
	title={{Spelling Correction and the Noisy Channel }},
	author={Dan Jurafsky},
	year={2012},
	howpublished = 
	{\url{https://web.stanford.edu/class/cs124/lec/spelling.pdf}},
	note = "[Online; accessed 8-November-2016]"
}

@misc{dice,
	title={{Algorithm Implementation/Strings/Dice's coefficient}},
	author={Wikipedia},
	year={2016},
	howpublished = 
	{\url{https://en.wikibooks.org/wiki/Algorithm_Implementation/Strings/Dice%27s_coefficient/}},
	note = "[Online; accessed 8-November-2016]"
}

@misc{nls,
	title={{First steps with Non-Linear Regression in R}},
	author={Lionel Hertzog},
	year={2016},
	howpublished = 
	{\url{https://www.r-bloggers.com/first-steps-with-non-linear-regression-in-r/}},
	note = "[Online; accessed 12-October-2016]"
}

@misc{krovetz-python,
	title={{KrovetzStemmer 0.4}},
	author={Ruey-Cheng Chen},
	year={2016},
	howpublished = 
	{\url{https://pypi.python.org/pypi/KrovetzStemmer/0.4}},
	note = "[Online; accessed 12-October-2016]"
}

@misc{rosetta,
	title={{Inverted index}},
	author={RosettaCode.org},
	year={2016},
	howpublished = 
	{\url{https://www.rosettacode.org/wiki/Inverted_index#Python}},
	note = "[Online; accessed 12-October-2016]"
}

@misc{r-project,
	title={{The R Project for Statistical Computing}},
	author={The R Foundation},
	year={2016},
	howpublished = 
	{\url{https://www.r-project.org/}},
	note = "[Online; accessed 12-October-2016]"
}

@misc{nltk-porter,
	title={{nltk.stem package}},
	author={NLTK Project},
	year={2016},
	howpublished = 
	{\url{http://www.nltk.org/api/nltk.stem.html#module-nltk.stem.porter}},
	note = "[Online; accessed 11-October-2016]"
}

@misc{nltk,
	title={{NLTK 3.0 documentation}},
	author={NLTK Project},
	year={2016},
	howpublished = 
	{\url{http://www.nltk.org/}},
	note = "[Online; accessed 11-October-2016]"
}

@misc{html2text,
	title={{html2text 2016.9.19}},
	author={Alireza Savand},
	year={2016},
	howpublished = 
	{\url{https://pypi.python.org/pypi/html2text}},
	note = "[Online; accessed 11-October-2016]"
}

@article{gondse2014main,
  title={Main Content Extraction From Web Page Using Dom},
  author={Gondse, Ms Pranjali G and Raut, A},
  journal={International Journal of Advanced Research in Computer and Communication Engineering},
  volume={3},
  year={2014}
}

@article{lopez2012using,
  title={Using The DOM Tree for Content Extraction},
  author={L{\'o}pez, Sergio and Silva, Josep and Insa, David},
  journal={arXiv preprint arXiv:1210.6113},
  year={2012}
}

@misc{requests,
	title={{Requests: HTTP for Humans}},
	author={Kenneth Reitz},
	year={2016},
	howpublished = 
	{\url{http://docs.python-requests.org/en/master/}},
	note = "[Online; accessed 20-September-2016]"
}

@misc{bs4,
	title={{Beautiful Soup}},
	author={Leonard Richardson},
	year={2016},
	howpublished = 
	{\url{https://www.crummy.com/software/BeautifulSoup/}},
	note = "[Online; accessed 20-September-2016]"
}

@book{Croft:2009:SEI:1516224,
	author = {Croft, Bruce and Metzler, Donald and Strohman, Trevor},
	title = {Search Engines: Information Retrieval in Practice},
	year = {2009},
	isbn = {0136072240, 9780136072249},
	edition = {1st},
	publisher = {Addison-Wesley Publishing Company},
	address = {USA},
} 

@misc{craigslist,
	title={{Craigslist}},
	author={Wikipedia},
	year={2016},
	howpublished = 
	{\url{https://en.wikipedia.org/wiki/Craigslist}},
	note = "[Online; accessed 20-September-2016]"
}

@misc{txt-compression,
	title={{HTMLParser — Simple HTML and XHTML parser}},
	author={Python Software Foundation},
	year={2016},
	howpublished = 
	{\url{https://docs.python.org/2/library/htmlparser.html}},
	note = "[Online; accessed 18-September-2016]"
}

@article{barbosa2010siphoning,
	title={Siphoning hidden-web data through keyword-based interfaces},
	author={Barbosa, Luciano and Freire, Juliana},
	journal={Journal of Information and Data Management},
	volume={1},
	number={1},
	pages={133},
	year={2010}
}

@inproceedings{kantorski2012automatic,
	title={Automatic Filling of Web Forms.},
	author={Kantorski, Gustavo Zanini and Heuser, Carlos Alberto},
	booktitle={AMW},
	pages={215--219},
	year={2012}
}

@article{Kantorski:2015:AFH:2783888.2783898,
	author = {Kantorski, Gustavo Zanini and Moreira, Viviane Pereira and Heuser, Carlos Alberto},
	title = {Automatic Filling of Hidden Web Forms: A Survey},
	journal = {SIGMOD Rec.},
	issue_date = {March 2015},
	volume = {44},
	number = {1},
	month = may,
	year = {2015},
	issn = {0163-5808},
	pages = {24--35},
	numpages = {12},
	url = {http://doi.acm.org/10.1145/2783888.2783898},
	doi = {10.1145/2783888.2783898},
	acmid = {2783898},
	publisher = {ACM},
	address = {New York, NY, USA},
} 

@online{extract-array,
	author      = {stackoverflow},
    title       = {How do you extract a column from a multi-dimensional array?},
    howpublished = "\url{http://stackoverflow.com/questions/903853/how-do-you-extract-a-column-from-a-multi-dimensional-array}",
    note = "[Online; accessed 24-February-2016]"
}

@online{python-statistics,
	author      = {stackoverflow},
    title       = {9.7. statistics — Mathematical statistics functions},
    howpublished = "\url{https://docs.python.org/3/library/statistics.html}",
    note = "[Online; accessed 24-February-2016]"
}
 
@online{sort-array,
	author      = {stackoverflow},
    title       = {How to sort multidimensional array by column?},
    howpublished = "\url{http://stackoverflow.com/questions/20183069/how-to-sort-multidimensional-array-by-column}",
    note = "[Online; accessed 24-February-2016]"
}

@online{chart-R,
	author      = {Nathan Yau},
    title       = {Getting Started with Charts in R},
    howpublished = "\url{https://flowingdata.com/2012/12/17/getting-started-with-charts-in-r/}",
    note = "[Online; accessed 24-February-2016]"
}

@online{chart-color,  
	author      = {stackoverflow},
    title       = {Change colours of particular bars in a bar chart},
    howpublished = "\url{http://stackoverflow.com/questions/13112974/change-colours-of-particular-bars-in-a-bar-chart}",
    note = "[Online; accessed 24-February-2016]"
}

@online{tweepy,  
	author      = {Tweepy},
    title       = {Tweepy Documentation},
    howpublished = "\url{http://tweepy.readthedocs.org/en/v3.5.0/}",
    note = "[Online; accessed 24-February-2016]"
}

@online{friends,  
	author      = {Twitter Developers},
    title       = {GET friends/list},
    howpublished = "\url{https://dev.twitter.com/rest/reference/get/friends/list}",
    note = "[Online; accessed 23-February-2016]"
}

@online{rate-limit,  
	author      = {Twitter Developers},
    title       = {What does "rate limit exceeded" mean? (UPDATED)},
    howpublished = "\url{https://blog.twitter.com/2008/what-does-rate-limit-exceeded-mean-updated}",
    note = "[Online; accessed 22-February-2016]"
}

@online{rate-limit2,
    author      = {Twitter Developers},
    title       = {API Rate Limits},
    howpublished = "\url{https://developer.linkedin.com/support/developer-program-transition}",
    note = "[Online; accessed 24-February-2016]"
}

@online{linkedIn,
    author      = {LinkedIn Developers},
    title       = {Developer Program Transition Guide},
    howpublished = "\url{https://developer.linkedin.com/support/developer-program-transition}",
    note = "[Online; accessed 25-February-2016]"
}

@online{linkedIn-oauth,
    author      = {LinkedIn},
    title       = {Getting an OAuth Token in Python},
    howpublished = "\url{https://developer-programs.linkedin.com/documents/getting-oauth-token-python}",
    note = "[Online; accessed 25-February-2016]"
}

@online{linkedIn-api,
    author      = {LinkedIn},
    title       = {Getting started with the REST API},
    howpublished = "\url{https://developer.linkedin.com/docs/rest-api?u=0}",
    note = "[Online; accessed 25-February-2016]"
}

@online{linkedIn-oauth2,
    author      = {LinkedIn},
    title       = {Authenticating with OAuth 2.0},
    howpublished = "\url{https://developer.linkedin.com/docs/oauth2?u=0}",
    note = "[Online; accessed 25-February-2016]"
}

@online{ozgur,
    author      = {Ozgur},
    title       = {python-linkedin},
    howpublished = "\url{https://github.com/ozgur/python-linkedin}",
    note = "[Online; accessed 22-February-2016]"
}